@inproceedings{Olver2015TopicsIF,
  booktitle={Topics in Fourier Analysis: DFT \& FFT, Wavelets, Laplace Transform},
  title={Topics in Fourier Analysis: DFT \& FFT, Wavelets, Laplace Transform},
  author={Peter J. Olver},
  year={2015},
  url={https://api.semanticscholar.org/CorpusID:18457254}
}

@book{Strang2019,
author 		= {Strang, G.},
title 		= {Linear Algebra and Learning from Data},
publisher 	= {Wellesley-Cambridge Press},
year 		= {2019},
doi 			= {https://doi.org/10.1137/1.9780692196380},
address 		= {Philadelphia, PA},
edition   	= {},
URL 			= {https://epubs.siam.org/doi/abs/10.1137/1.9780692196380}
}

