@inproceedings{Olver2015TopicsIF,
  booktitle={Topics in Fourier Analysis: DFT \& FFT, Wavelets, Laplace Transform},
  title={Topics in Fourier Analysis: DFT \& FFT, Wavelets, Laplace Transform},
  author={Peter J. Olver},
  year={2015},
  url={https://api.semanticscholar.org/CorpusID:18457254}
}

@video{FFTReducib,
author = {Reducible},
booktitle = {The Fast Fourier Transform (FFT): most ingenious algorithm ever},
title = {The Fast Fourier Transform (FFT): most ingenious algorithm ever},
year = {2020},
URL = {https://www.youtube.com/watch?v=h7apO7q16V0}
}

@book{Brunton_Kutz_2022,
	place={Cambridge}, 
	edition={2}, 
	title={Data-Driven Science and Engineering: Machine Learning, Dynamical Systems, and Control}, 
	publisher={Cambridge University Press},
	author={Brunton, Steven L. and Kutz, J. Nathan},
	year={2022}} 

